<?xml version="1.0" encoding="UTF-8"?><collection><record><leader>05166ntm a2200529 a 4500</leader><controlfield tag="001">006805724</controlfield><controlfield tag="003">MiAaHDL</controlfield><controlfield tag="005">20190719000000.0</controlfield><controlfield tag="006">m        d        </controlfield><controlfield tag="007">cr bn ---auaua</controlfield><controlfield tag="008">090602q18641865xx            00| ||per d</controlfield><datafield tag="035" ind1=" " ind2=" "><subfield code="a">(MiU)006805724</subfield></datafield><datafield tag="035" ind1=" " ind2=" "><subfield code="a">sdr-miu006805724</subfield></datafield><datafield tag="040" ind1=" " ind2=" "><subfield code="a">MiU</subfield><subfield code="c">MiU</subfield><subfield code="e">amremm</subfield></datafield><datafield tag="043" ind1=" " ind2=" "><subfield code="a">n-us-mi</subfield></datafield><datafield tag="245" ind1="0" ind2="0"><subfield code="6">880-03</subfield><subfield code="a">[Calligraphic specimen,</subfield><subfield code="f">1281?, i.e. 1864 or 1865].</subfield></datafield><datafield tag="260" ind1=" " ind2=" "><subfield code="c">[1864 or 1865?].</subfield></datafield><datafield tag="300" ind1=" " ind2=" "><subfield code="a">7 panels :</subfield><subfield code="b">paper ;</subfield><subfield code="c">282 x 227 (215 x 174) mm.</subfield></datafield><datafield tag="500" ind1=" " ind2=" "><subfield code="a">Shelfmark: Ann Arbor, University of Michigan, Special Collections Library, Isl. Ms. 279</subfield></datafield><datafield tag="500" ind1=" " ind2=" "><subfield code="a">Origin: Date below vase with large floral spray 1281 [1864 or 5] ; other features also suggest 19th century. As appears in opening text, possibly executed for the Ottoman statesman Mehmet Fuat Paşa (d.1869).</subfield></datafield><datafield tag="500" ind1=" " ind2=" "><subfield code="a">Former shelfmark: "598 [?]" inscribed in pencil on verso of 'front' flyleaf ; "123" inscribed in pencil on recto of 'back' flyleaf.</subfield></datafield><datafield tag="500" ind1=" " ind2=" "><subfield code="a">Binding: Pasteboards covered in dark green straight-grain leather ; Type II binding (with flap) ; pastedowns and flyleaves in a streaked paper (in yellow, dark purple, etc. reminiscent of tree-marbling or stream marbling) ; upper and lower covers carry gold-stamped central vegetal pendant, corner accents and vegetal border ; sewn in red thread, four stations, failed ; overall in fair condition with abrasion, staining, etc.</subfield></datafield><datafield tag="500" ind1=" " ind2=" "><subfield code="a">Support: Paper of written area embossed to carry text and figurative designs, set in surface-dyed frames of bright green and mounted on pasteboards.</subfield></datafield><datafield tag="500" ind1=" " ind2=" "><subfield code="a">Decoration: Embossed borders (reminiscent of mountains) as well as vegetal and figurative designs with such animals as lions, dragons, stags, bulls, etc. accenting the calligraphy or filling a page.</subfield></datafield><datafield tag="500" ind1=" " ind2=" "><subfield code="a">Script: Mainly nastaʻlīq with occasional thuluth ; exquisite calligraphic hand executed with the fingernail or stylus in the technique known as khaṭṭ-i nākhunī ( خط ناخنی / khaṭṭ-e nākhonī). Compare no. 1-85-154.63 at the Library of Congress and see description provided by Christiane Gruber in Selections of Arabic, Persian, and Ottoman Calligraphy (available online).</subfield></datafield><datafield tag="500" ind1=" " ind2=" "><subfield code="a">Layout: Varies widely, pages carrying text with mainly 6-8 lines per page ; many pages carrying figurative or vegetal decoration only.</subfield></datafield><datafield tag="500" ind1=" " ind2=" "><subfield code="a">Collation: Seven 'panels' (mounted leaves) hinged together with blue textile.</subfield></datafield><datafield tag="500" ind1=" " ind2=" "><subfield code="a">Explicit: "ایا چرخ در پیش قدر تو واله ... تویی آنکه بر درگهت چرخ دربان كتبه ابو تراب افتاده"</subfield></datafield><datafield tag="500" ind1=" " ind2=" "><subfield code="a">Incipit: "مديح سپهر رفعت بحر و قار و كدهي يكانه كوهر بحر كرم فؤاد پاشا ... "</subfield></datafield><datafield tag="500" ind1=" " ind2=" "><subfield code="a">Title supplied by cataloguer.</subfield></datafield><datafield tag="500" ind1=" " ind2=" "><subfield code="a">Ms. codex.</subfield></datafield><datafield tag="510" ind1="4" ind2=" "><subfield code="a">Library of Congress no. 1-85-154.63, available online</subfield><subfield code="c">(Christiane Gruber, Selections of Arabic, Persian, and Ottoman Calligraphy, digital id ascs 109)</subfield></datafield><datafield tag="510" ind1="4" ind2=" "><subfield code="a">ʻArabʻzādah, Abū al-Faz̤l. "Muʻarrifī-i as̲arī-i nādir al-vujūd va nafīs: Khaṭṭ-i nākhunī." Payām-i Bahāristān, dawrah-i 2, shumārah-i 4, (Tābistān 1388 [2009]):</subfield><subfield code="c">831-882</subfield></datafield><datafield tag="510" ind1="4" ind2=" "><subfield code="a">Zakariya, Mohamed. "Islamic calligraphy: A technical overview." In Brocade of the pen: the art of Islamic writing. Carol Garrett Fisher, ed. (East Lansing, MI: Kresge Art Museum, Michigan State University, 1991):</subfield><subfield code="c">1-17</subfield></datafield><datafield tag="510" ind1="4" ind2=" "><subfield code="a">Brocade of the pen : the art of Islamic writing. Carol Garrett Fisher, ed. (East Lansing, MI: Kresge Art Museum, Michigan State University, 1991),</subfield><subfield code="c">no.8, p.84</subfield></datafield><datafield tag="520" ind1="8" ind2=" "><subfield code="a">Superb album of calligraphy (muraqqaʻ or murakkâ) employing verses of Anvari, etc. with interspersed figurative illustrations of lions, dragons, stags, bulls, etc. as well as vegetal motifs, all embossed in white paper likely with the fingernail, a technique known as khaṭṭ-i nākhunī ( خط ناخنی / khaṭṭ-e nākhonī). Contributions to the description from Ulrich Marzolph and Emily Neumeier.</subfield></datafield><datafield tag="538" ind1=" " ind2=" "><subfield code="a">Mode of access: Internet.</subfield></datafield><datafield tag="541" ind1=" " ind2=" "><subfield code="c">Purchase ;</subfield><subfield code="a">Acquired by purchase (funds donated by Horace Rackham).</subfield><subfield code="d">1924.</subfield></datafield><datafield tag="546" ind1=" " ind2=" "><subfield code="a">Persian.</subfield></datafield><datafield tag="561" ind1=" " ind2=" "><subfield code="a">Inscriptions in pencil "598 [?]" on verso of front flyleaf and "123" on recto of 'back' flyleaf ; red circular bookseller's sticker "De Marinis &amp; Co. | 5 Vecchietti | Firenze" on 'upper' pastedown ; inscription in blue ink on recto of back flyleaf "على قوشى رسملى رسم ٧" ; clean copy.</subfield></datafield><datafield tag="650" ind1=" " ind2="0"><subfield code="a">Manuscripts, Persian</subfield><subfield code="z">Michigan</subfield><subfield code="z">Ann Arbor.</subfield></datafield><datafield tag="650" ind1=" " ind2="0"><subfield code="a">Calligraphy, Persian</subfield><subfield code="v">Specimens.</subfield></datafield><datafield tag="700" ind1="0" ind2=" "><subfield code="a">Abdülhamid</subfield><subfield code="b">II,</subfield><subfield code="c">Sultan of the Turks,</subfield><subfield code="d">1842-1918,</subfield><subfield code="e">former owner.</subfield></datafield><datafield tag="700" ind1="1" ind2="2"><subfield code="6">880-07</subfield><subfield code="a">Anvarī, Awḥad al-Dīn,</subfield><subfield code="d">-1189 or 1190.</subfield><subfield code="t">Poems.</subfield><subfield code="k">Selections.</subfield></datafield><datafield tag="773" ind1="0" ind2=" "><subfield code="a">Abdul Hamid Collection.</subfield></datafield><datafield tag="880" ind1="0" ind2="2"><subfield code="6">700-07/</subfield><subfield code="a">انورى، اوحد الدين.</subfield><subfield code="t">اشعار.</subfield><subfield code="k">منتخبات.</subfield></datafield><datafield tag="880" ind1="0" ind2="0"><subfield code="6">245-03/</subfield><subfield code="a">[مرقع حسن الخط,</subfield><subfield code="f">1281ه؟، 1864 او 1865م؟].</subfield></datafield><datafield tag="CID" ind1=" " ind2=" "><subfield code="a">006805724</subfield></datafield><datafield tag="DAT" ind1="0" ind2=" "><subfield code="a">20190719102637.0</subfield><subfield code="b">20190719000000.0</subfield></datafield><datafield tag="DAT" ind1="1" ind2=" "><subfield code="a">20190719090653.0</subfield><subfield code="b">2019-07-19T16:11:29Z</subfield></datafield><datafield tag="DAT" ind1="2" ind2=" "><subfield code="a">2015-10-02T18:00:03Z</subfield></datafield><datafield tag="CAT" ind1=" " ind2=" "><subfield code="a">SDR-MIU</subfield><subfield code="d">EX LIBRIS - ALEPH</subfield><subfield code="l">prepare.pl-004-008</subfield></datafield><datafield tag="FMT" ind1=" " ind2=" "><subfield code="a">BK</subfield></datafield><datafield tag="HOL" ind1=" " ind2=" "><subfield code="0">sdr-miu006805724</subfield><subfield code="a">MiU</subfield><subfield code="b">SDR</subfield><subfield code="c">MIU</subfield><subfield code="p">mdp.39015079127539</subfield><subfield code="s">MIU</subfield><subfield code="1">006805724</subfield></datafield><datafield tag="974" ind1=" " ind2=" "><subfield code="b">MIU</subfield><subfield code="c">MIU</subfield><subfield code="d">20190719</subfield><subfield code="s">lit-dlps-dc</subfield><subfield code="u">mdp.39015079127539</subfield><subfield code="y">1865</subfield><subfield code="r">pd</subfield><subfield code="q">bib</subfield><subfield code="t">non-US bib date2 &lt; 1879</subfield></datafield></record></collection>